1859 2925
379 2 454 70 13·-
614 1 620 5 ’
806 0 848 15 ’ψ
1001 0 1119 16 -vs
1237 0 1388 31 v.-.—-
1407 0 1437 19 w
1469 0 1747 50 m

429 69 470 108 x„

162 109 220 172 ,Ἀ

223 173 306 254 Χ,
425 189 527 238 AD
557 191 623 252 ρ.
651 189 1013 240 FRATREM.
1048 189 1169 238 Lm.
1192 189 1293 238 111.
1323 192 1371 237 5.
1468 188 1567 236 33⁵

230 318 510 384 mitiumque
550 319 748 383 dignitas
791 319 1083 384 aliquantum
1116 317 1317 368 orationi
1356 317 1573 382 ponden‘s

227 383 462 432 afferebat.
496 383 566 430 Hi
579 384 688 433 libri
699 399 806 433 cum
818 383 867 430 in
884 383 1151 432 Tusculano
1162 383 1280 430 mihi
1294 384 1571 446 legerentur,

230 446 449 496 audiente
482 448 729 507 Sallusti03
763 448 1026 496 admonitus
1058 463 1163 496 sum
1195 449 1255 495 ab
1284 447 1383 508 illo,
1421 449 1573 496 multo

232 513 412 574 majore
443 513 708 562 auctoritate
737 513 830 560 illis
864 512 922 560 de
950 514 1085 560 rebus
1105 511 1196 560 dici
1222 527 1370 576 posse,
1404 512 1443 560 si
1474 512 1573 576 ipse

235 573 450 640 loquerer
483 577 542 626 de
574 593 624 626 re
651 575 855 642 publica,
877 577 1130 640 praesertim
1167 591 1275 624 cum
1311 590 1457 624 essem
1477 591 1573 624 non

237 639 508 689 Heraclides
544 642 778 701 Ponticus,
813 641 893 690 sed
929 640 1193 700 consularis,
1230 648 1276 688 et
1308 640 1365 699 is,
1404 640 1486 706 qui
1522 641 1573 690 in

237 705 456 766 maximis
479 715 680 754 versatus
713 707 764 754 in
801 722 850 754 re
877 705 1066 770 publica
1096 707 1231 754 rebus
1260 720 1403 754 essem
1417 723 1431 752 ε
1468 720 1575 770 quae

239 777 339 816 tam
374 771 575 833 antiquis
611 770 876 818 hominibus
905 770 1217 828 attribuerem,
1245 785 1299 817 ea
1326 769 1478 817 visum
1514 769 1579 816 iri

236 832 348 882 fleta
367 849 494 882 assez
530 835 779 882 oraton‘um
799 849 1054 882 sermonem
1070 835 1122 881 in
1136 833 1229 881 illis
1241 833 1405 881 nostiis
1424 833 1571 892 libris,

237 897 366 960 quod
387 907 501 946 esset
520 899 579 946 de
598 899 774 947 ratione
791 897 990 955 dicendi,
1012 897 1132 946 belle
1152 914 1181 945 a
1194 913 1272 946 me
1290 898 1536 946 removisse
1553 914 1571 956 ς

236 961 300 1009 ad
321 977 396 1010 eos
416 971 572 1012 tamen
603 963 826 1023 retulisse,
849 977 966 1026 quos
985 962 1084 1026 ipse
1114 962 1356 1012 vidissent
1390 962 1575 1010 Aristo-

234 1027 376 1075 telem
398 1025 611 1091 denique,
635 1044 740 1092 quae
769 1027 827 1076 de
858 1043 907 1076 re
927 1025 1115 1090 publica
1142 1034 1188 1074 et
1206 1034 1447 1094 praestante
1474 1025 1575 1078 viro

231 1090 417 1151 scribat,
439 1091 596 1154 ipsum
615 1091 758 1156 loqui.

303 1155 567 1204 Commovit
587 1172 680 1216 me,
703 1166 750 1204 et
764 1172 818 1204 eo
837 1156 1003 1220 magis,
1026 1155 1153 1220 quod
1171 1153 1399 1204 maximos
1418 1162 1575 1203 motus

237 1228 405 1268 nostrae
442 1219 634 1269 civitatis
662 1220 882 1284 attingere
909 1235 1005 1268 non
1031 1229 1251 1286 poteram,
1285 1219 1409 1284 quod
1443 1227 1575 1268 erant

235 1283 490 1344 inferiores,
533 1300 676 1348 quam
717 1284 906 1334 illorum
956 1293 1083 1344 aetaS,
1126 1284 1209 1349 qui
1250 1283 1574 1347 loquebantur.

237 1347 348 1411 Ego
388 1357 542 1396 autem
579 1349 629 1396 id
662 1349 817 1412 ipsum
854 1358 959 1397 tum
992 1364 1118 1396 eram
1161 1357 1359 1407 secutus,
1402 1361 1479 1405 ne,
1520 1347 1573 1396 in

239 1421 396 1460 nostra
428 1421 522 1460 tem
583 1429 636 1463 ra
678 1413 930 1475 incurrens,
969 1412 1244 1463 offenderem
1288 1412 1571 1478 quempiam.

240 1476 454 1525 Nuncet
481 1477 492 1489 '
548 1478 717 1538 vitabo,
743 1486 790 1527 et
815 1478 982 1541 loquar
1012 1478 1317 1541 ipsetecum3
1351 1484 1573 1525 ettamen

239 1540 340 1600 illa,
363 1558 469 1605 quie
488 1541 792 1602 institueram,
815 1543 876 1591 nd
896 1551 959 1602 te,
982 1541 1021 1590 si
1036 1542 1239 1589 Romam
1260 1556 1442 1601 venero,
1464 1540 1575 1589 mit-

238 1613 353 1653 tam.
389 1606 513 1654 Puto
533 1606 674 1667 enim,
692 1617 738 1655 te
757 1606 1144 1665 existimaturum,
1166 1623 1197 1654 a
1215 1620 1292 1653 me
1310 1604 1452 1653 libros
1470 1605 1574 1653 illos

238 1683 334 1717 non
355 1670 452 1717 sine
472 1669 628 1734 aliquo
647 1686 752 1719 meo
771 1670 1005 1719 stomacho
1026 1685 1121 1719 esse
1141 1670 1335 1719 relicum·

308 1734 500 1783 Caesaris
520 1750 691 1794 amore,
713 1750 854 1799 quem
874 1734 937 1782 ad
949 1749 1027 1782 me
1045 1734 1320 1798 perscripsit,
1342 1732 1477 1783 unice
1497 1732 1578 1783 de-

238 1799 381 1847 lector
398 1816 412 1845 =
447 1798 679 1862 promissis
709 1800 782 1859 iis,
810 1814 916 1862 quae
944 1798 1157 1859 ostendit,
1186 1814 1281 1847 non
1310 1798 1443 1847 valde
1462 1812 1577 1862 pen·

244 1860 330 1911 ‘deo
347 1880 362 1911 ε
397 1877 481 1910 nec
500 1862 693 1911 honores
721 1862 841 1922 sitio,
871 1876 956 1911 nec
984 1862 1187 1911 desidero
1214 1862 1410 1927 gloriam
1427 1879 1443 1909 ε
1474 1878 1579 1911 ma·-

242 1927 407 1991 gisque
441 1927 540 1988 ejus
561 1927 807 1975 voluntatis
942 1927 1197 1986 etuitatem,
1219 1942 1361 1991 quam
1381 1927 1577 1992 promis-

244 2006 401 2039 sorum
435 1990 630 2049 exitum,
665 2000 891 2055 exspecto.
973 1991 1049 2039 ivo
1076 2000 1229 2039 tamen
1263 1991 1313 2038 in
1339 1992 1394 2039 ea
1427 1991 1577 2040 ambi-

242 2054 368 2104 tione
389 2064 436 2104 et
461 2054 634 2115 labore,
656 2064 898 2119 tamquam
923 2054 992 2117 id,
1014 2054 1141 2119 quod
1158 2069 1253 2103 non
1270 2056 1473 2119 postulo,
1494 2071 1578 2103 ex-

308 2182 452 2243 Quod
471 2199 548 2232 me
579 2184 638 2233 de
663 2182 882 2233 faciendis
902 2182 1109 2235 versibus
1128 2199 1277 2248 rogas,
1311 2182 1577 2233 incredibile

241 2255 327 2309 est,
349 2248 592 2309 mistater,
622 2264 766 2313 quam
787 2264 947 2313 egeam
966 2257 1200 2312 temporez
1234 2264 1319 2297 nec
1339 2248 1577 2297 mesatis

241 2326 531 2365 commoveor
549 2313 706 2361 animo
730 2313 792 2361 ad
819 2329 888 2375 ea,
911 2329 1018 2377 quae
1038 2313 1123 2373 vis,
1146 2312 1363 2361 canenda.
1393 2312 1577 2361 ’Ὑποδε-

246 2394 340 2431 σιις
359 2392 484 2437 vero,
519 2377 581 2427 ad
608 2393 662 2426 ea
681 2393 787 2454 quae
814 2377 914 2442 ipse
935 2392 1020 2454 ego
1046 2392 1107 2425 ne
1126 2377 1366 2452 cogitando
1386 2376 1576 2453 quidem

240 2441 1390 2571 fflffikffssussssafflssffliffiss
1398 2456 1577 2565 3¹3:

243 2576 498 2645 nit-possm
516 2587 531 2617 ε
565 2571 645 2619 sed
665 2571 811 2647 (quod
829 2580 876 2619 te
901 2572 1095 2647 minime
1113 2569 1257 2635 fugit)
1281 2586 1398 2635 opus
1426 2577 1494 2617 est
1508 2566 1576 2642 ad

243 2650 474 2761 temporaq
487 2698 700 2764 eripiunt.
745 2698 949 2750 Abduoo
980 2630 1573 2764 Zoeuidffiffleffi
