1859 2925
245 103 339 158 176
448 98 549 149 AD
581 94 925 148 ATTIGUM.
959 95 1082 144 1113.
1115 93 1274 144 XIII.
1312 94 1395 142 51.

254 231 332 279 Its
354 227 474 278 mihi
492 225 833 288 rescripserunt,
864 223 986 272 nihil
1006 237 1216 286 unquam
1245 239 1294 271 se
1312 222 1482 286 legisse
1501 237 1604 272 me-

254 295 347 346 lius
364 311 379 348 3
414 291 745 355 epistolamque
760 304 919 337 meam
942 289 1180 348 jusserunt
1201 286 1302 335 dari
1323 287 1604 335 Dolabellae.

328 357 565 407 Vestorius
591 353 651 400 ad
686 368 765 401 me
801 352 889 402 scri
920 353 998 410 sit,
1034 360 1090 400 ut
1117 352 1333 413 juberem
1371 351 1609 415 mancipio

260 422 362 472 dari
396 435 526 468 servo
558 433 661 476 suo,
694 433 779 481 pro
815 434 869 464 m
956 425 1104 480 parte,
1139 415 1360 464 Hetereio
1400 415 1609 476 cuidam,

261 486 463 536 fundum
484 483 795 532 Brinnianum
812 499 829 538 ς
865 490 918 528 ut
939 480 1037 543 ipse
1059 481 1102 528 ei
1119 480 1328 528 Puteolis
1341 489 1466 528 recte
1474 495 1613 527 man-

264 551 384 614 cipio
404 550 515 598 dare
533 555 697 612 posset.
730 547 861 594 Eum
882 559 1088 604 servum,
1113 544 1152 591 si
1171 544 1258 592 tibi
1279 543 1529 603 videbitur,
1551 544 1614 592 ad

266 631 343 664 me
362 615 547 664 mittes:
582 611 745 675 opinor
766 609 908 669 enim,
924 608 986 657 ad
1006 617 1054 656 te
1075 609 1218 656 etiam
1239 608 1472 673 stu-ipsisse
1491 608 1616 658 Ves-

269 679 455 728 torium.

334 744 411 791 De
431 742 633 792 adventu
654 738 847 788 Caesaris
878 737 1022 796 idem,
1046 735 1174 800 quod
1193 753 1224 786 a
1243 745 1307 794 te,
1330 736 1450 786 mihi
1473 737 1618 802 scrip-

272 819 376 857 tum
392 816 462 854 est
480 807 539 853 ab
561 803 720 868 Oppio
741 812 788 852 et
806 803 974 852 Balbo.
1008 801 1161 850 Miror
1182 810 1229 848 te
1248 801 1484 850 nihildum
1505 818 1619 850 cum

273 871 491 935 Tigellio,
508 871 581 918 vel
596 878 650 917 ut
660 869 747 916 hoc
761 867 936 932 ipsum,
985 875 1184 914 uantum
1198 865 1420 930 acceperit
1437 883 1452 912 ε
1485 883 1622 930 pror-

276 953 357 986 sus
376 951 487 984 aveo
508 934 637 992 edre,
666 948 751 982 nec
771 941 927 980 tamen
983 930 1079 992 oeci
1097 929 1232 978 facio.
1265 929 1468 990 Quasi-ie,
1503 931 1623 994 quid

277 1001 474 1066 cogitem
485 998 543 1047 de
558 997 741 1046 obviam
757 995 900 1044 itione
915 1012 935 1052 3
961 995 1076 1058 quid
1091 1009 1262 1054 censes,
1279 993 1369 1042 nisi
1385 993 1578 1044 Alsium
1595 999 1621 1044 ἓ

279 1076 325 1118 et
344 1065 534 1130 quidem
555 1063 615 1110 ad
636 1062 889 1110 Murenam
909 1059 970 1107 de
987 1058 1186 1122 hospitio
1207 1058 1476 1123 scripseram
1490 1076 1505 1107 ε
1542 1059 1626 1108 sed

277 1130 440 1194 opinor
454 1143 564 1178 cum
585 1125 739 1176 Matio
750 1124 1022 1189 profectum.
1056 1123 1302 1172 Sallustius
1321 1122 1466 1188 igitur
1485 1140 1626 1188 urge-

348 1257 527 1320 Scripto
555 1255 657 1317 jam
678 1252 913 1317 superiore
932 1251 1176 1316 versiculo,
1203 1250 1325 1300 Eros
1345 1253 1465 1301 mihi
1485 1251 1628 1313 dixit,

282 1322 375 1370 sibi
406 1321 659 1370 Murenam
695 1316 1012 1366 liberalissime
1047 1315 1344 1380 respondisse.
1375 1317 1450 1364 Eo
1483 1317 1630 1381 igitur

286 1396 474 1434 utamur
488 1403 503 1433 ι
536 1399 648 1432 nam
682 1382 825 1432 Silius
860 1380 1049 1430 culcitas
1076 1396 1171 1429 non
1195 1380 1348 1428 habet.
1381 1381 1512 1430 Dida
1541 1399 1632 1430 au.

285 1460 399 1514 tem,
420 1450 599 1515 opinor,
620 1445 879 1512 hospitibus
900 1454 1046 1495 totam
1066 1445 1227 1495 villam
1247 1445 1478 1497 conoessit.

550 1579 689 1645 (51.)
727 1575 984 1626 CICERO
1012 1574 1284 1628 ATTICO
1315 1576 1364 1625 s.

356 1712 439 1760 Ad
475 1710 703 1757 Caesarem
737 1720 879 1770 quam
912 1704 1022 1753 misi
1055 1703 1311 1768 epistolam,
1341 1705 1442 1767 ejus
1473 1721 1638 1757 exem..

294 1776 430 1841 plum
448 1772 572 1848 fugit
591 1788 668 1819 me
689 1780 792 1819 tum
818 1770 904 1818 tibi
924 1770 1106 1844 mittere
1127 1786 1144 1825 3
1178 1784 1264 1844 nec
1289 1769 1340 1817 id
1367 1768 1476 1829 fuit,
1505 1772 1640 1833 quod.

295 1852 553 1967 53:¹3?ss
572 1834 1069 1961 Γὲὲἳὲιέῒιῖῗὲἑζῗέἰ
1097 1833 1384 1957 ἷὲῖιῖξιὲῠὲῑ
1399 1830 1638 1961 [ἓῖῗῖῗῖ

297 1972 527 2028 §potorque
547 1963 803 2013 scriberem.
836 1963 969 2029 Bene
989 1962 1115 2011 enim
1143 1961 1356 2013 existimo
1387 1962 1445 2010 cle
1464 1962 1560 2012 inis
1579 1965 1641 2013 li.

298 2030 413 2090 bris,
436 2038 491 2077 ut
518 2024 606 2077 tibi
626 2042 793 2076 coram.
827 2024 995 2091 Itaque
1023 2026 1200 2090 scripsi,
1233 2034 1281 2075 et
1313 2036 1641 2091 ακολαιιευτως,

298 2102 521 2145 ettamen
542 2090 829 2155 sic,utnihil
849 2090 1476 2141 eumexistimemlecturum
1491 2091 1644 2143 liben-

298 2158 405 2209 tius.

363 2225 442 2275 De
474 2221 634 2274 Attica
669 2237 795 2271 nunc
829 2221 1020 2271 demum
1057 2218 1176 2270 mihi
1213 2230 1282 2269 est
1313 2221 1608 2285 exploratum
1627 2240 1644 2272 ε

304 2288 461 2353 itaque
498 2288 541 2337 ei
582 2288 643 2336 de
680 2288 859 2351 integro
900 2285 1146 2350 gratulare-
1194 2284 1448 2349 Tigellium
1489 2293 1653 2341 totum

305 2354 441 2412 mihi,
464 2362 511 2401 et
530 2351 720 2427 quidem
740 2350 1087 2415 quamprimum
1108 2367 1125 2408 3
1159 2364 1270 2399 nam
1289 2348 1466 2413 pendeo
1481 2350 1653 2401 animi.

310 2416 464 2467 Narro
484 2415 587 2475 tib1‚
609 2414 817 2474 Quintus
844 2430 970 2472 cras3
993 2414 1090 2471 sed,
1113 2414 1174 2461 ad
1195 2430 1288 2475 me,
1311 2430 1372 2463 an
1393 2413 1454 2466 ad
1474 2422 1539 2473 te,
1562 2430 1651 2463 ne-

309 2481 415 2529 scio.
450 2478 577 2527 Mihi
593 2478 771 2541 scripsit
783 2479 987 2528 Romam
1001 2477 1135 2526 VIII
1151 2478 1405 2527 calendas:
1426 2478 1505 2527 sed
1517 2480 1650 2539 misi,

306 2543 389 2606 qui
410 2544 652 2591 invitaret:
688 2542 773 2589 etsi
796 2542 999 2600 (hercle)
1017 2544 1118 2603 jam
1140 2542 1344 2591 Romam
1365 2542 1652 2595 veniendum

302 2616 387 2667 est,
411 2622 470 2655 ne
490 2608 569 2656 ille
591 2615 697 2655 ante
717 2605 910 2654 advolet.
1009 2604 1014 2611 '
