1859 2925
446 108 548 159 AD
579 106 918 159 ATTICUM.
954 108 1075 157 1¹18.
1108 108 1261 159 XIII.
1294 109 1379 165 ⁴7.
1477 110 1571 165 173

231 236 953 289 raliuseseenimstatimad
995 234 1577 287 Caesaremscritmumz

231 302 464 351 Cluvium
483 310 640 350 autem
660 318 690 349 a
720 300 782 351 T.
799 300 1068 350 Hordeonio
1098 300 1252 365 legare
1280 310 1327 351 et
1396 300 1581 349 erentiae

233 366 326 417 HS
363 364 556 425 1003,
587 374 634 415 et
656 366 882 430 sepulcro,
917 364 1171 429 multisque
1198 367 1368 423 rebusg
1402 364 1520 415 nihil
1551 381 1581 413 a

230 430 386 480 nobis.
421 432 696 489 Subsecusa,
764 445 904 491 uaeso,
941 429 1223 479 Vestorium.
1254 430 1387 491 Quid
1424 429 1580 477 minus

231 496 547 560 probandum,
578 510 722 558 quam
732 448 953 543 ¹l'Iotium
982 494 1341 559 unguentarium
1362 510 1444 559 per
1474 510 1581 543 suos

233 576 407 625 pueros
435 560 593 609 omnia
622 568 751 609 tanto
783 568 890 607 ante
916 558 1105 617 Balbo;
1138 558 1275 607 illum
1304 560 1375 607 mi
1408 573 1469 607 ne
1499 573 1583 622 per

235 640 367 673 meos
389 624 578 689 quidem
593 626 616 673 ἓ
651 622 729 672 De
750 622 960 673 Cossinio
981 624 1113 671 doleo
1130 641 1145 671 ε
1168 622 1311 671 dilexi
1325 622 1577 671 hominem·

237 689 424 748 Quinto
443 689 681 752 delegabo,
715 687 756 737 si
782 688 900 763 quid
927 688 1007 737 aeri
1026 703 1131 735 meo
1159 687 1309 737 alieno
1330 686 1582 751 superabit,

239 762 289 802 et
309 752 621 811 emtionibus3
656 769 715 801 ex
736 754 906 816 quibus
925 754 998 800 mi
1027 752 1165 799 etiam
1194 768 1257 801 ses
1276 752 1482 801 alienum
1512 751 1584 801 fa-

239 818 463 866 ciendum
487 826 616 880 puto.
651 816 729 866 De
749 816 889 865 domo
909 816 1098 880 Arpini,
1120 816 1239 864 nihil
1260 816 1365 865 scio·

303 881 574 930 Vestorium
594 882 715 930 nihil
735 890 804 929 est
823 880 951 945 quod
970 896 1165 929 accuses-
1215 881 1327 929 Jam
1352 881 1477 929 enim
1498 882 1581 929 ob-

239 946 424 1008 signata
450 946 540 995 hae
563 945 776 1011 epistola,
805 954 945 995 noctu
973 944 1239 993 tabellarius
1266 954 1419 995 noster
1438 945 1580 1003 venit,

238 1018 287 1057 et
318 1013 380 1059 ab
412 1026 468 1059 eo
495 1011 651 1059 literas
676 1010 918 1074 diligenter
938 1009 1124 1074 scriptas
1151 1009 1323 1069 attulit,
1352 1018 1398 1058 et
1426 1024 1582 1059 exem-

237 1075 376 1139 plum
396 1075 672 1125 testamenti.

505 1268 640 1335 (47.)
677 1267 939 1321 emeno
972 1268 1239 1319 AT'nco
1272 1269 1324 1319 s.

312 1398 355 1445 P
512 1414 620 1447 uam
652 1402 688 1429 ‘⁶
703 1400 786 1447 abs
806 1406 852 1449 te
873 1396 1220 1463 Agamemno?
1251 1412 1345 1447 non
1379 1399 1415 1426 ‘⁶
1433 1406 1487 1445 ut
1510 1413 1585 1447 ve-

243 1463 452 1524 nirem,”
486 1414 620 1575 {nam
651 1464 702 1514 id
729 1481 916 1529 quoque
948 1465 1173 1522 fecissem,
1202 1463 1293 1512 nisi
1319 1462 1588 1526 Torquatus

245 1525 387 1590 esset)
537 1537 590 1576 ut
619 1528 880 1588 scriberem,
915 1528 1166 1592 “megin”
1198 1527 1375 1588 omnia,
1405 1543 1511 1591 quae
1538 1527 1589 1574 in

246 1591 467 1642 manibus
498 1591 744 1653 habebam,
769 1595 952 1655 abjeci;
986 1593 1115 1656 quod
1142 1592 1364 1652 jusseras,
1397 1590 1590 1640 edolavi.

247 1657 349 1715 Tu,
368 1657 527 1717 velim,
551 1673 577 1704 e
600 1658 774 1706 Pollice
794 1673 1039 1722 cognoscas
1058 1656 1254 1705 rationes
1274 1664 1449 1704 nostras
1464 1671 1592 1704 sum-

251 1720 454 1769 tuariasz
489 1730 624 1786 turpe
645 1730 714 1770 est
739 1722 864 1770 enim
883 1723 1034 1780 nobis,
1055 1721 1211 1780 illum,
1243 1720 1593 1794 qualiscumque

251 1794 340 1845 est,
362 1785 452 1860 boc
481 1785 633 1898 primo
657 1801 782 1835 anno
803 1803 967 1862 egere:
1002 1794 1107 1850 post
1126 1784 1469 1860 moderabimur
1488 1783 1593 1832 ‹hli-

249 1858 471 1962 gffiffl'e
491 1849 1314 1975 ffiffiffiffiffifffflss
1329 1849 1595 1977 ’ἐζᾝῖζζ
1643 1927 1655 1934 -

252 1980 316 2027 ad
337 1988 384 2026 te
405 1978 580 2044 scripsi,
603 1988 706 2028 tum
728 1979 856 2044 quod
878 1979 1035 2030 caesar
1049 1979 1190 2028 adest.
1222 1978 1469 2028 Dolabella
1488 1977 1597 2026 scri-

252 2044 324 2093 bit
358 2059 408 2156 sle
442 2045 503 2092 ad
538 2059 616 2093 me
641 2043 860 2108 postridie
887 2045 1021 2093 Idus.
1054 2042 1102 2092 Ο
1131 2043 1407 2107 magistrum
1429 2043 1599 2091 moles-

254 2117 358 2156 tum

326 2172 538 2236 Lepidus
569 2173 629 2222 ad
661 2189 740 2221 me
758 2173 859 2222 heri
886 2172 1065 2238 vesperi
1082 2171 1237 2221 literas
1269 2171 1397 2220 misit
1418 2171 1563 2220 Antio
1581 2189 1596 2218 z

261 2253 374 2286 nam
395 2237 463 2286 ibi
485 2246 610 2286 eratz
645 2237 785 2288 habet
819 2239 946 2286 enim
971 2238 1182 2298 domum,
1243 2252 1355 2285 uam
1388 2251 1472 2284 nos
1493 2249 1604 2284 ven-

261 2301 468 2350 didimus
487 2319 502 2350 =
536 2310 668 2366 rogat
693 2317 989 2368 magnopere,
1018 2311 1074 2350 ut
1106 2300 1195 2350 sim
1258 2300 1434 2350 alendis
1461 2300 1511 2351 in
1533 2315 1603 2347 se-

263 2375 410 2422 natu;
444 2382 523 2414 me
543 2376 589 2415 et
617 2365 704 2416 sibi
725 2376 771 2415 et
797 2367 969 2415 Caesari
988 2366 1279 2414 vehementer
1299 2374 1486 2428 gratum
1508 2378 1605 2412 esse

251 2431 512 2484 facturum.
545 2431 668 2480 Puto
697 2431 912 2508 equidem
942 2430 1061 2480 nihil
1094 2445 1218 2480 esse:
1256 2429 1445 2478 dixisset
1480 2427 1606 2476 enim

259 2495 352 2557 ‚tibi
387 2495 576 2544 fortasse
611 2495 788 2562 aliquid
822 2495 1039 2560 Oppius3
1072 2493 1292 2559 quoniam
1322 2493 1503 2542 Balbus
1540 2497 1609 2538 est

267 2577 404 2624 aeger.
439 2559 532 2610 Sed
559 2569 716 2609 tamen
749 2561 911 2612 malim
933 2559 1087 2615 venire
1106 2559 1293 2616 flustra,
1315 2571 1459 2620 quam
1489 2553 1607 2602 desi-

224 2679 232 2686 ,
269 2625 438 2686 (letari,
459 2625 502 2673 si
518 2642 634 2692 opus
657 2635 773 2674 esset
791 2643 805 2672 z
842 2625 1033 2674 moleste
1045 2623 1212 2672 ferrem
1233 2630 1403 2730 ῃὲειεα.
1439 2617 1606 2678 Itaque

1190 2699 1226 2733 Q
