1859 2925
300 107 406 166 <1⁰ss
526 104 636 160 AD
656 103 1002 161 ATTICUM·
1035 103 1158 158 1111.
1185 103 1423 160 XII-u,

306 234 426 286 mihi
459 243 615 288 tamen
651 234 877 298 lacrymas
905 235 1174 284 attulenmt.
1208 235 1296 284 Me
1323 235 1426 283 haee
1449 232 1663 282 solitudo

307 301 464 348 minus
476 299 701 358 stimulat,
718 315 861 363 quam
874 299 964 348 ista
977 301 1227 349 celebritas.
1263 301 1336 348 Te
1356 315 1508 347 unum
1529 297 1662 347 desi·

306 366 449 420 der03
484 364 565 412 sed
599 363 744 412 literis
764 379 858 412 non
892 364 1126 414 difficilius
1145 375 1267 424 utor,
1293 379 1440 428 quam
1459 363 1502 412 si
1520 362 1662 410 domi

304 445 483 480 essem:
520 427 653 476 ardor
686 436 841 476 tamen
868 427 951 476 ille
971 429 1096 476 idem
1127 438 1262 492 urget
1282 439 1327 476 et
1347 436 1526 487 manet,
1557 442 1658 476 non

308 490 614 559 (mehercule)
640 490 909 556 indulgente
941 508 1036 554 me,
1063 493 1145 542 sed
1171 503 1328 542 tamen
1361 507 1457 540 non
1477 508 1658 557 repug-

306 567 461 608 nante.

372 621 517 682 Quod
536 620 694 670 scribis
713 619 772 669 de
796 620 1013 684 Apuleio,
1035 621 1154 670 nihil
1173 630 1289 684 puto
1309 637 1426 684 opus
1447 637 1546 670 esse
1567 621 1656 670 tui

306 687 613 745 contentione,
650 700 734 732 nec
768 686 919 734 Balbo
949 695 996 734 et
1029 686 1219 748 Oppio;
1253 686 1424 750 quibus
1457 685 1655 749 quidem

304 753 387 801 ille
420 757 663 813 receperat,
701 749 910 814 mihique
943 751 1084 798 etiam
1115 751 1316 812 jusserat
1341 750 1570 810 nuntiari,
1605 765 1656 800 ee

306 816 555 865 molestum
576 813 765 862 omnino
786 829 881 862 non
902 815 1131 864 futurum.
1165 814 1257 862 Sed
1284 831 1412 872 cura,
1434 824 1492 862 ut
1511 830 1658 864 exeu-

306 881 378 930 se‘r
398 879 550 928 morbi
569 877 707 926 caus&
726 877 777 924 in
793 877 889 926 dies
910 879 1132 942 singulos.
1165 878 1334 926 Laenas
1353 879 1442 927 hoe

306 954 393 994 rat.
430 942 611 991 Prende
650 939 707 991 C.
731 941 1027 1006 Septimium,
1058 943 1117 992 12.
1141 943 1392 992 Statilium.
1429 943 1558 992 Deni
1592 959 1654 992 ue

302 1024 447 1058 nemo
461 1006 653 1070 negabit
672 1021 720 1054 ee
742 1007 1028 1067 juraturum,
1057 1022 1198 1072 quem
1223 1008 1410 1071 rogaris.
1444 1008 1527 1067 Qu
1613 1007 1654 1056 si

306 1074 394 1122 erit
424 1071 603 1128 durius,
626 1070 833 1131 veniam,-
849 1079 895 1118 et
914 1070 1013 1134 ipse
1035 1080 1310 1135 perpetuum
1330 1073 1550 1120 morbum
1573 1073 1655 1134 ju-

304 1140 431 1186 rabo·
466 1137 591 1184 Cum
612 1135 737 1184 enim
764 1135 882 1183 mihi
910 1137 1159 1184 carendum
1180 1135 1240 1184 sit
1264 1136 1502 1196 conviviis,
1523 1136 1655 1184 malo

305 1201 357 1250 id
377 1203 479 1264 lege
494 1199 638 1247 videri
657 1199 980 1263 faeere‚·quam
1000 1200 1171 1248 dolore.
1207 1198 1470 1261 Cocceium,
1487 1201 1652 1260 velim,

306 1265 511 1329 appelles
529 1281 543 1310 ε
578 1264 705 1339 quod
736 1263 861 1312 enim
889 1264 1092 1322 dixerat,
1123 1279 1217 1314 non
1257 1265 1395 1314 facit:
1431 1280 1519 1327 ego
1559 1281 1654 1312 au-

308 1339 405 1378 tem
427 1329 531 1378 volo
551 1327 739 1393 aliquod
760 1344 911 1380 emere
929 1326 1180 1377 latibulum
1209 1339 1256 1378 et
1274 1329 1544 1393 perfugium
1565 1329 1653 1377 do-

308 1395 421 1446 loris
441 1393 550 1442 mei.

580 1590 721 1648 (14.)
754 1585 1009 1637 CICERO
1039 1584 1305 1638 ATTICO
1335 1588 1388 1637 S.

378 1720 455 1769 De
489 1734 566 1767 me
592 1718 851 1767 excusando
876 1717 1002 1781 apud
1031 1717 1308 1781 Apuleium,
1338 1716 1556 1765 dederam
1591 1712 1654 1767 ad

311 1793 359 1834 te
379 1784 526 1849 pridie
545 1782 713 1830 literas·
751 1782 886 1829 Nihil
908 1798 1004 1830 esee
1033 1777 1203 1845 negotii
1230 1782 1451 1830 arbitror:
1487 1798 1654 1846 quem-

312 1859 513 1913 cumque
546 1846 809 1909 appellaris,
840 1861 980 1895 nemo
1014 1847 1212 1910 negabit.
1237 1844 1338 1897 'Sed
1371 1847 1654 1921 Septimium

312 1913 435 1971 vide,
465 1920 511 1959 et
544 1910 803 1968 Laenatem,
828 1920 876 1958 et
903 1911 1140 1971 Statilium
1155 1928 1172 1959 ε
1207 1912 1354 1959 tribus
1381 1926 1506 1959 emm
1533 1927 1653 1976 opus

312 1985 411 2025 eetz
446 1975 527 2023 sed
546 1974 663 2021 mihi
685 1973 853 2023 laenas
872 1983 1026 2023 totum
1046 1984 1285 2039 receperat.

379 2037 523 2099 Quod
564 2038 721 2087 scribis
762 2055 793 2087 a
832 2038 982 2087 Junio
1023 2048 1070 2087 te
1105 2041 1430 2103 appellatam,
1462 2040 1658 2089 omnino

316 2103 589 2155 cornificius
629 2103 833 2166 locuples
873 2112 975 2151 ecte
1021 2103 1102 2151 ced
1141 2115 1297 2153 tamen
1339 2106 1452 2153 scire
1493 2104 1654 2164 velim,

312 2168 503 2233 quando
520 2167 647 2215 dicar
681 2166 1012 2230 spopondieae3
1047 2177 1096 2217 et
1124 2184 1209 2233 pro
1237 2178 1386 2232 patre,
1421 2184 1543 2217 anne
1569 2186 1656 2233 pro

310 2232 409 2281 filio
424 2250 439 2279 ε
472 2246 625 2294 neque
656 2246 711 2279 eo
732 2232 905 2289 minue,
926 2241 985 2279 ut
1003 2233 1178 2292 scribis,
1201 2242 1514 2296 procuratores
1537 2230 1660 2283 Cor-

312 2296 472 2351 nificii,
494 2305 542 2343 et
561 2294 823 2357 Apuleium
839 2296 1178 2357 vpraediatorem,
1201 2296 1389 2347 videbis.

380 2358 523 2417 Quod
559 2373 637 2405 me
673 2359 732 2405 ab
765 2352 851 2405 hoc
882 2362 1076 2407 'moerore
1101 2361 1291 2409 recreari
1323 2362 1409 2421 viz,
1440 2362 1571 2423 facis,
1601 2373 1658 2413 ut

314 2422 503 2469 omniu
538 2420 635 2478 ced,
672 2435 749 2468 me
784 2421 903 2471 mihi
940 2438 1033 2471 non
1074 2423 1288 2485 defuisse,
1329 2435 1385 2473 tu
1423 2428 1554 2475 testie
1587 2445 1656 2477 ee.

315 2484 453 2534 Nihil
472 2484 615 2542 enim,
635 2482 695 2530 de
713 2500 904 2533 moerore
923 2486 1193 2545 minuendo,
1230 2490 1453 2553 scriptum
1476 2493 1538 2539 ab
1559 2494 1662 2541 ullo

312 2557 401 2606 aa,
470 2548 565 2595 uod
596 2562 683 2609 ego
712 2562 807 2597 non
834 2549 963 2597 domi
989 2559 1083 2601 tuae
1105 2552 1314 2616 legerim.
1347 2554 1444 2603 Sed
1465 2570 1658 2607 omnm

494 2611 665 2661 tionem
698 2611 839 2662 vincit
871 2612 1016 2664 dolor.
1049 2615 1182 2675 Quin
1219 2616 1360 2669 etiam
1387 2618 1494 2681 feei,
1531 2622 1660 2687 quod
