1859 2925
1431 0 1464 14 Ὗ

1442 21 1452 34 Γ

1248 89 1390 116 OE—--ae‘

290 220 389 265 334
484 217 590 267 AD
609 219 687 279 Q.
721 217 1088 268 FRATREM.
1116 217 1237 266 Lm.
1261 211 1363 264 111.
1383 217 1433 262 5.

355 345 432 394 De
465 335 574 396 fisco
607 347 721 411 quid
750 347 892 410 egerit
925 347 1094 410 Scipio,
1130 345 1361 410 qua‘zram:
1398 341 1529 408 quod
1563 342 1657 392 vi-‘'

289 411 474 459 debitur
493 419 669 459 rectum
685 427 797 470 cese,
815 413 1000 460 curabo.
1037 409 1113 458 De
1133 410 1411 468 Ascanione,
1429 417 1482 456 tu
1504 423 1638 468 vero,

291 475 420 540 quod
448 475 588 536 voles,
616 476 752 524 facies
765 491 780 522 e
814 491 892 523 me
923 475 1043 522 nihil
1071 475 1323 537 interpono.
1357 473 1435 521 De
1462 475 1639 520 subur·

293 542 417 588 bano
437 540 562 604 quod
582 555 675 588 non
696 555 928 604 properae,
959 538 1131 587 laudo:
1166 547 1222 586 ut
1242 545 1294 585 tu
1314 538 1502 598 habeas,
1525 536 1642 585 hor-

295 611 381 652 tor.

363 669 480 716 Haec
506 667 663 732 scripsi
689 685 732 716 a.
761 667 808 714 d.
843 667 921 716 IX
956 665 1147 714 Calend.
1174 665 1405 714 Novemb.
1435 681 1533 730 quo
1562 663 1642 714 die

297 731 398 780 ludi
435 733 853 792 committebantur,
887 733 939 779 in
970 731 1293 780 Tusculanum
1327 729 1639 792 proficiscens,

295 796 560 860 ducensque
580 813 763 845 mecum
788 793 1055 845 Ciceronem
1076 810 1234 843 meum
1265 795 1315 840 in
1340 793 1509 840 ludum
1540 792 1639 840 dis-

297 861 446 919 cendi,
482 875 575 909 non
611 859 802 909 lusionis
817 879 831 908 ε
885 861 941 909 effa
974 875 1024 907 re
1064 873 1158 907 non
1191 857 1392 921 longius,
1435 856 1638 968 [guam]

297 925 482 984 vellem,
533 925 659 989 quod
696 926 913 973 Pomtino
950 923 1011 972 ad
1046 923 1349 986 triumphum-
1371 938 1415 970 a.
1491 955 1505 968 .
1546 921 1603 968 11

301 989 428 1036 Non.
451 990 682 1038 Novemb.
713 990 923 1037 volebam
952 988 1135 1036 adesse:
1171 987 1338 1034 etenim
1362 985 1449 1034 erit
1481 985 1640 1045 nescio

301 1053 418 1117 quid
454 1053 685 1117 negotioli.
719 1055 848 1102 Nam
887 1051 1007 1102 Cato
1044 1062 1092 1100 et
1126 1051 1362 1111 Servilius,
1399 1057 1639 1113 praetoree,

302 1117 610 1228 ffiohibituros
636 1133 686 1165 se
715 1119 984 1166 minantur:
1018 1132 1120 1176 nec,
1154 1115 1269 1180 quid
1296 1115 1488 1178 possint,
1528 1113 1639 1162 scio·

371 1197 396 1228 e
425 1182 549 1228 enim
575 1189 620 1229 et
651 1181 868 1246 Appium
899 1183 1134 1230 consulem
1166 1195 1323 1228 secum
1348 1177 1556 1237 habebit,
1594 1185 1655 1226 et·

299 1253 527 1308 praetores,
556 1255 603 1294 et
637 1246 845 1294 tribunos
864 1245 1027 1311 plebis.
1060 1243 1153 1293 Sed
1172 1244 1409 1291 minantur
1438 1250 1597 1289 tamen
1618 1256 1635 1298 ς

300 1309 350 1355 in
371 1308 624 1374 prinlisque
654 1317 742 1370 Αρη
771 1329 904 1357 nvem»
927 1310 991 1369 Q·
1015 1309 1231 1358 Scaevola-
1268 1307 1412 1369 Cura,
1440 1305 1509 1354 mi
1531 1321 1642 1354 sua-

302 1371 484 1422 vissime
505 1382 551 1422 et
571 1374 799 1423 carissime
818 1374 976 1433 frater,
996 1382 1052 1422 ut
1072 1373 1237 1422 valeas.

512 1566 622 1633 (5.)
657 1564 945 1617 MARCUS
978 1566 1042 1627 Q.
1076 1565 1344 1616 FRA'rm
1376 1564 1426 1613 s.

364 1698 751 1761 (Argumentum.
765 1724 832 1733 —-
846 1696 926 1745 De
936 1695 1067 1745 libris
1090 1697 1125 1726 “
1141 1695 1201 1744 de
1216 1692 1511 1759 Republic¹a”
1534 1694 1637 1744 Sal-

299 1761 428 1809 lustii
443 1762 621 1811 monitu
637 1761 943 1825 refingendis;
976 1760 1035 1808 de
1052 1759 1246 1809 casaris
1262 1774 1369 1822 erga
1382 1774 1429 1805 se
1444 1773 1601 1806 amore
1617 1774 1634 1816 ς

297 1826 358 1873 de
379 1828 582 1875 versibus
602 1825 848 1875 scribendis
870 1826 1102 1873 excusatio
1120 1841 1135 1882 ;
1170 1823 1229 1871 de
1259 1822 1523 1887 reipublicae
1544 1832 1637 1871 sta—

301 1896 354 1937 tu
375 1892 667 2001 οοηἙιεειὶος
701 1888 760 1938 de
779 1890 983 1938 Gabinio
1015 1906 1045 1937 a
1069 1904 1117 1937 se
1149 1902 1245 1935 non
1273 1888 1475 1949 defenso,
1498 1896 1546 1935 et
1577 1886 1636 1935 de

297 1968 386 2003 suo
405 1954 455 2001 in
511 1954 603 2003 bris
625 1954 805 2014 Quinto
824 1952 1029 2003 emendis
1050 1951 1241 2014 studio.)

364 2083 510 2143 Quod
542 2082 726 2149 quaeris,
761 2082 876 2147 quid
900 2082 959 2130 de
994 2081 1086 2129 inis
1113 2080 1244 2128 libris
1278 2079 1468 2143 egerim,
1504 2095 1637 2144 quos,

299 2162 408 2197 cum
432 2160 578 2197 essem
603 2148 654 2195 in
691 2146 924 2207 Cumano,
958 2146 1150 2194 scribere
1177 2144 1387 2201 institui3
1421 2159 1516 2192 non
1544 2159 1641 2192 ces-

301 2212 417 2272 savi,
453 2228 602 2277 neque
633 2227 790 2261 cessoz
826 2211 906 2258 sed
944 2225 1065 2275 saepe
1094 2211 1194 2271 jam
1233 2208 1461 2257 scribendi
1487 2216 1639 2257 totum

303 2276 543 2324 consilium
577 2276 893 2339 rationemque
925 2274 1118 2322 mutavi.
1153 2272 1301 2333 Nam,
1326 2273 1428 2333 jam
1458 2272 1638 2321 duobus

301 2339 434 2387 factis
453 2340 598 2398 libris,
633 2340 684 2386 in
712 2339 899 2404 quibus,
929 2337 1274 2386 novendialibus
1304 2336 1361 2383 iis
1388 2336 1514 2383 feriis
1534 2352 1639 2399 quae

301 2402 492 2450 fuerunt
512 2403 749 2450 Tuditano
771 2410 817 2449 et
838 2402 1031 2466 Aquilio
1052 2401 1332 2459 oonsulibus,
1355 2415 1505 2448 sermo
1526 2409 1591 2447 est
1610 2417 1641 2448 a

235 2484 240 2491 ·
301 2479 380 2512 me
401 2466 639 2513 institutus
660 2464 886 2526 Africani,
907 2467 1049 2528 paulo
1063 2472 1169 2513 ante
1193 2468 1407 2524 mortem,
1426 2472 1475 2511 et
1489 2462 1643 2525 Laelii,

301 2526 448 2586 Phili,
489 2528 694 2588 Manilii,
726 2528 790 2587 Q.
813 2529 1077 2576 Tuberonis
1110 2536 1157 2575 et
1183 2528 1338 2589 Laelii,
1368 2542 1641 2591 generorum

307 2590 494 2649 Fannii,
517 2600 564 2640 et
584 2590 831 2649 Scaev01ae3
866 2607 1016 2640 sermo
1034 2599 1193 2640 autem
1218 2592 1270 2639 in
1291 2606 1461 2641 novem
1482 2600 1529 2640 et
1547 2592 1643 2641 dies

302 2660 350 2701 et
367 2654 508 2717 libros
535 2654 808 2703 distributus
833 2655 892 2703 de
921 2656 1099 2719 optimo
1124 2664 1248 2704 statu
1270 2655 1484 2716 civitatis,
1508 2664 1554 2704 et
1584 2655 1642 2703 de

301 2718 478 2779 optimo
507 2717 606 2767 eive
623 2732 645 2775 ς
673 2730 782 2766 sane
811 2720 1057 2768 texebatur
1080 2732 1199 2784 opus
1230 2716 1523 2776 luculenta:
1556 2719 1638 2769 bo-
