1859 2925
1378 60 1398 89 Β

389 171 516 255 'An
546 206 612 266 Q·
644 202 1005 254 FRATREM.
1023 203 1161 254 -Lu-
1186 201 1285 252 111.
1306 203 1366 254 4.
1452 201 1555 250 333

217 333 476 384 aurianam
505 335 692 384 fortasse
719 333 952 382 mordicus
979 331 1238 382 abstulisset
1253 349 1269 380 ε
1302 345 1411 382 eum
1444 327 1559 382 clo-

218 393 300 448 dio
316 399 506 464 quidem
521 409 640 448 certe
654 399 858 448 rediisset
872 397 922 446 in
935 397 1146 460 gratiam.
1160 397 1267 460 Ego
1278 411 1385 444 vem
1395 410 1557 443 meum

219 464 464 512 eonsilium
487 465 551 528 (si
569 463 822 528 praesertim
844 471 897 510 tu
918 477 1013 510 non
1034 461 1098 510 im
1100 459 1289 524 pmbas)
1312 460 1557 508 vehemen-

217 537 290 575 ter
311 531 528 592 approbo.
563 530 668 588 Ille,
690 543 798 576 eum
830 543 860 574 a
887 541 965 574 me
986 525 1293 589 singularibus
1321 524 1438 572 meis
1460 531 1559 570 stu-

216 589 308 638 diis
345 602 530 640 ornatus
563 601 696 652 esset,
727 606 926 655 cumque
956 605 1041 654 ego
1070 589 1141 637 illi
1174 588 1292 636 nihil
1323 587 1555 646 deberem,

218 654 1242 718 fflemihiommtuneninrepublieame
1265 651 1557 700 aeedissen-

221 719 414 768 tientem
435 735 527 768 non
553 721 663 769 tulit
685 719 1005 794 (nihil-dieam
1036 715 1244 782 gravius)
1263 733 1281 774 ς
1314 724 1377 774 et,
1399 715 1559 762 minus

218 789 384 846 potens
420 800 475 832 eo
506 792 727 848 tempore,
765 783 880 846 quid
914 797 966 830 m
1002 797 1081 830 me
1113 781 1349 830 florentem
1386 787 1555 843 posset,
1648 800 1650 802 ·

219 845 436 896 ostendit.
469 849 628 906 Nunc,
647 864 755 896 cum
775 862 860 911 ego
874 861 935 894 ne
961 861 1119 894 curem
1139 845 1329 910 quidem
1348 843 1555 892 multum

218 926 491 1024 51⁰2?ss
512 913 700 1088 qfoffluidffff
709 909 1065 1024 &¹33
1093 909 1415 1022 ziffoeffiz
1432 923 1557 1020 {²¹¹3

219 1039 344 1087 enim
365 1039 512 1088 facien
543 1056 626 1088 um
655 1009 830 1088 diisset.
857 991 1209 1094 Nonzxistimo
1238 1047 1284 1086 te
1302 1045 1482 1101 putare,
1505 1035 1555 1082 id

218 1103 338 1150 mihi
359 1103 698 1168 suscipiendum
723 1103 877 1152 fuisse.
908 1101 1225 1160 Alterutrum,
1249 1101 1403 1166 inquit
1430 1100 1555 1147 idem

219 1167 484 1228 Sallustius,
507 1167 814 1216 defendissent
849 1166 991 1231 idque
1020 1166 1243 1230 Pompeio
1264 1163 1556 1214 contendenti

217 1231 447 1280 dedisses:
482 1231 652 1280 etenim
672 1232 962 1282 vehementer
976 1232 1148 1279 orabat.
1182 1230 1416 1295 Lepidum
1436 1227 1556 1277 ami-

219 1311 330 1344 cum
352 1296 640 1355 Sallustium,
671 1296 754 1361 qui
783 1296 902 1344 mihi
927 1303 1011 1343 aut
1035 1295 1297 1343 inimicitias
1317 1303 1451 1360 putet
1470 1309 1555 1358 pe-

215 1359 434 1408 riculosas
462 1359 724 1408 subeundas
752 1360 908 1420 fuisse,
940 1368 1022 1407 aut
1044 1359 1287 1415 infamiam
1316 1359 1555 1422 sempiter-

217 1438 346 1473 nam.
379 1425 485 1487 Ego
513 1439 621 1473 vero
647 1425 736 1473 hae
759 1423 1071 1473 mediocritate
1097 1423 1323 1473 delectui-x
1358 1438 1413 1471 ac
1432 1421 1551 1470 mihi

215 1488 338 1536 illud
367 1488 630 1550 jucundum
650 1498 736 1549 est,
759 1490 901 1553 quod,
924 1504 1034 1537 eum
1054 1488 1369 1535 testimonium
1390 1501 1551 1535 secun-

215 1552 334 1601 dum
359 1552 500 1602 fidem
527 1562 575 1601 et
601 1554 868 1617 religionem
901 1552 1168 1616 gravissime
1188 1551 1423 1610 dixissem,
1445 1566 1551 1598 reus

213 1616 352 1677 dixit,
386 1617 426 1665 si
447 1618 498 1665 in
521 1618 703 1666 civitate
729 1617 929 1665 licuisset
957 1617 1045 1665 sibi
1070 1632 1183 1676 esse,
1212 1616 1331 1663 mihi
1350 1632 1399 1663 se
1420 1614 1553 1663 satis-

211 1681 446 1731 facturum
463 1700 478 1731 ε
513 1696 664 1747 neque
684 1697 761 1729 me
781 1681 1038 1747 quidquam
1057 1680 1366 1743 interrogavit.

278 1744 357 1794 De
376 1746 598 1807 versibus,
621 1762 738 1810 quos
757 1744 844 1793 tibi
874 1762 904 1793 a
923 1761 1002 1793 me
1024 1746 1159 1793 scribi
1178 1745 1265 1803 vis,
1287 1745 1413 1792 deest
1432 1742 1551 1791 mihi

209 1811 401 1875 quidem
429 1826 583 1875 opera,
619 1826 726 1874 quae
762 1824 856 1857 non
887 1810 1027 1857 modo
1062 1818 1263 1873 tempus,
1300 1808 1379 1855 sed
1410 1808 1550 1855 etiarn

211 1875 423 1923 animum
444 1889 641 1923 vacuum
663 1876 723 1923 ab
752 1873 880 1921 omni
901 1874 1013 1921 curi.
1032 1872 1255 1921 desiderat
1272 1889 1286 1919 e
1322 1872 1401 1919 sed
1420 1873 1549 1919 abest

211 1939 353 1987 etiam
385 1942 693 1998 ενθουσιασμος
710 1956 726 1985 2
761 1951 855 1984 non
887 1937 1013 1987 enim
1039 1952 1201 1984 sumus
1232 1936 1421 1984 omnino
1449 1936 1549 1983 sine

210 2001 322 2051 cura
349 2002 570 2051 venientis
595 2002 724 2061 anni,
754 2001 840 2050 etsi
869 2016 1030 2049 sumus
1059 2000 1155 2047 sine
1182 2000 1361 2047 timore.
1396 1999 1549 2047 Simul

210 2076 259 2115 et
293 2066 414 2115 illud
447 2066 569 2131 (sine
604 2066 723 2125 ulla,
757 2064 1035 2125 mehercule,
1064 2063 1213 2111 ironis
1243 2062 1430 2127 loquor)
1465 2063 1551 2114 tibi

209 2130 344 2241 istiililiis
353 2129 531 2194 generis
549 2130 601 2176 in
617 2128 854 2177 scribendo
868 2128 1041 2192 priores
1054 2135 1207 2191 partes
1220 2126 1387 2184 tribuo,
1404 2142 1549 2192 quam
1634 2180 1639 2185 ⁸

207 2208 258 2241 m
329 2230 343 2243 .

277 2258 356 2306 De
375 2256 654 2307 bibliotheca
680 2254 763 2305 tufi
784 2256 949 2305 Graeca
970 2255 1243 2322 supplenda,
1270 2254 1401 2307 libris
1420 2270 1548 2305 eom.

209 2322 463 2383 mutandis,
503 2322 684 2371 latinis
721 2322 1075 2386 comparandisg
1110 2322 1243 2371 valde
1279 2322 1419 2371 velim
1460 2321 1551 2369 ista

208 2386 388 2447 confici,
439 2387 693 2451 praesertim
726 2402 835 2435 cum
869 2384 929 2433 ad
981 2401 1143 2435 meum
1181 2402 1365 2451 quoque
1406 2400 1548 2433 usum

209 2458 427 2513 spectent.
475 2450 569 2499 Sed
600 2466 702 2514 ego,
737 2449 856 2498 mihi
883 2450 973 2513 ipsi
998 2451 1087 2499 ista
1114 2466 1196 2513 per
1224 2466 1365 2515 quem
1390 2464 1545 2511 agam,

209 2526 304 2562 non
325 2514 504 2571 habe03
537 2530 688 2579 neque
713 2515 838 2563 enim
861 2515 1043 2563 venalia
1074 2523 1199 2575 sunt,
1220 2531 1327 2579 quae
1357 2512 1547 2589 quidem

207 2580 452 2641 placeant3
475 2586 522 2627 et
543 2579 721 2635 confici,
741 2579 833 2625 nisi
849 2594 932 2643 per
952 2578 1190 2642 hominu
1216 2587 1263 2626 et
1280 2586 1479 2641 pentum
1502 2583 1553 2621 et

203 2642 490 2705 diligentem,
524 2658 618 2690 non
654 2651 863 2705 possunt.
908 2641 1172 2705 Chrysippo
1208 2651 1363 2705 tamen
1399 2638 1549 2699 impe-

202 2708 332 2766 rabo,
353 2715 398 2753 et
418 2721 525 2754 cum
549 2706 848 2770 Tyrannione
866 2705 1045 2769 loquar.
